<?xml version="1.0" encoding="UTF-8"?><collection xmlns="http://www.loc.gov/MARC21/slim"><record><leader>00716nam--2200205-u-4500</leader><controlfield tag="001">000050414</controlfield><controlfield tag="002">20161230</controlfield><controlfield tag="005">20161230201048</controlfield><controlfield tag="008">070314s1000------------r-----000-0-eng-d</controlfield><datafield ind1=" " ind2=" " tag="020"><subfield code="a">1402016492</subfield></datafield><datafield ind1=" " ind2=" " tag="040"><subfield code="a">IFIN-HH</subfield></datafield><datafield ind1="1" ind2=" " tag="100"><subfield code="a">Esposito,Salvatore; Majorana,Ettore Jr.; Van der Merve,Alwyn; Recami, Erasmo</subfield></datafield><datafield ind1="1" ind2="0" tag="245"><subfield code="a">Ettore Majorana:Notes on Theoretical Physics</subfield><subfield code="c">Salvatore Esposito; Ettore Majorana Jr.; Alwyn Van der Merve; Erasmo Recami (Eds.)</subfield></datafield><datafield ind1=" " ind2=" " tag="260"><subfield code="a">Dordrecht</subfield><subfield code="b">Kluwer Academic Publishers</subfield><subfield code="c">2003</subfield></datafield><datafield ind1=" " ind2=" " tag="300"><subfield code="a">484 p</subfield></datafield><datafield ind1=" " ind2=" " tag="490"><subfield code="a">Foundamental Theories of Physics</subfield></datafield><datafield ind1=" " ind2="4" tag="650"><subfield code="a">Notes on Theoretical Physics</subfield></datafield><datafield ind1="1" ind2=" " tag="700"><subfield code="a">Recami, Erasmo</subfield><subfield code="e">ed</subfield></datafield><datafield ind1=" " ind2=" " tag="852"><subfield code="a">81814</subfield><subfield code="c">530.1</subfield></datafield><datafield ind1=" " ind2=" " tag="CAT"><subfield code="a">Sys</subfield><subfield code="c">20110324</subfield><subfield code="h">100752</subfield></datafield></record></collection>